<?xml version="1.0" encoding="UTF-8"?>
<marc:record xmlns:marc="http://www.loc.gov/MARC21/slim"
             xmlns:xsi="http://www.w3.org/2001/XMLSchema-instance"
             xsi:schemaLocation="http://www.loc.gov/MARC21/slim http://www.loc.gov/standards/marcxml/schema/MARC21slim.xsd">
    <marc:leader>00466nam a2200169 a 45 0</marc:leader>
    <marc:controlfield tag="001">999566</marc:controlfield>
    <marc:controlfield tag="003">NL-AMISG</marc:controlfield>
    <marc:controlfield tag="005">19980109160828.0</marc:controlfield>
    <marc:controlfield tag="008">199801suuuuuuuuus |||||||||||||||||eng d</marc:controlfield>
    <marc:datafield ind1=" " ind2=" " tag="020">
        <marc:subfield code="a">0-8039-5140-X</marc:subfield>
    </marc:datafield>
    <marc:datafield ind1=" " ind2=" " tag="035">
        <marc:subfield code="a">(IISG)IISGb10804203</marc:subfield>
    </marc:datafield>
    <marc:datafield ind1=" " ind2=" " tag="040">
        <marc:subfield code="a">NL-AmISG</marc:subfield>
    </marc:datafield>
    <marc:datafield ind1="0" ind2=" " tag="041">
        <marc:subfield code="a">eng</marc:subfield>
    </marc:datafield>
    <marc:datafield ind1=" " ind2=" " tag="044">
        <marc:subfield code="a">xxu</marc:subfield>
    </marc:datafield>
    <marc:datafield ind1="1" ind2=" " tag="100">
        <marc:subfield code="a">Sussman, Gerald.</marc:subfield>
        <marc:subfield code="0">(NL-AMISG)349859</marc:subfield>
    </marc:datafield>
    <marc:datafield ind1="1" ind2="0" tag="245">
        <marc:subfield code="a">Communication, technology, and politics in the information age /
        </marc:subfield>
        <marc:subfield code="c">Gerald Sussman.</marc:subfield>
    </marc:datafield>
    <marc:datafield ind1=" " ind2=" " tag="260">
        <marc:subfield code="a">Thousand Oaks, Calif., [etc.] :</marc:subfield>
        <marc:subfield code="b">Sage,</marc:subfield>
        <marc:subfield code="c">1997.</marc:subfield>
    </marc:datafield>
    <marc:datafield ind1=" " ind2=" " tag="300">
        <marc:subfield code="a">XV, 319 p.</marc:subfield>
    </marc:datafield>
    <marc:datafield ind1="4" ind2=" " tag="852">
        <marc:subfield code="a">IISG</marc:subfield>
        <marc:subfield code="b">IISG</marc:subfield>
        <marc:subfield code="c">NEHA</marc:subfield>
        <marc:subfield code="j">1998/2254</marc:subfield>
        <marc:subfield code="n">Available</marc:subfield>
        <marc:subfield code="p">N10582922</marc:subfield>
    </marc:datafield>
    <marc:datafield ind1=" " ind2=" " tag="901">
        <marc:subfield code="a">999566</marc:subfield>
        <marc:subfield code="b">Unknown</marc:subfield>
        <marc:subfield code="c">999566</marc:subfield>
        <marc:subfield code="t">biblio</marc:subfield>
    </marc:datafield>
    <marc:datafield ind1=" " ind2=" " tag="902">
        <marc:subfield code="a">10622/4144263F-640A-4780-A9BD-387B91869161</marc:subfield>
    </marc:datafield>
</marc:record>